%YAML 1.1
%TAG !u! tag:unity3d.com,2011:
--- !u!1 &1060988534212147716
GameObject:
  m_ObjectHideFlags: 0
  m_CorrespondingSourceObject: {fileID: 0}
  m_PrefabInstance: {fileID: 0}
  m_PrefabAsset: {fileID: 0}
  serializedVersion: 6
  m_Component:
  - component: {fileID: 1060988534212147718}
  - component: {fileID: 1060988534212147719}
  m_Layer: 0
  m_Name: mulherbrancaraiva
  m_TagString: Untagged
  m_Icon: {fileID: 0}
  m_NavMeshLayer: 0
  m_StaticEditorFlags: 0
  m_IsActive: 1
--- !u!4 &1060988534212147718
Transform:
  m_ObjectHideFlags: 0
  m_CorrespondingSourceObject: {fileID: 0}
  m_PrefabInstance: {fileID: 0}
  m_PrefabAsset: {fileID: 0}
  m_GameObject: {fileID: 1060988534212147716}
  m_LocalRotation: {x: 0, y: 1, z: 0, w: 0}
  m_LocalPosition: {x: 0, y: -160.6, z: 13.9}
  m_LocalScale: {x: 1, y: 1, z: 1}
  m_Children:
  - {fileID: 5459444383366031129}
  - {fileID: 5459444382565168383}
  - {fileID: 5459444383716762631}
  - {fileID: 5459444382311401133}
  - {fileID: 5459444382272033835}
  - {fileID: 5459444383221261714}
  - {fileID: 5459444383578906308}
  - {fileID: 5459444384236154632}
  - {fileID: 5459444382529760402}
  - {fileID: 5459444382666633848}
  - {fileID: 5459444384270545983}
  m_Father: {fileID: 0}
  m_RootOrder: 0
  m_LocalEulerAnglesHint: {x: 0, y: 180, z: 0}
--- !u!95 &1060988534212147719
Animator:
  serializedVersion: 3
  m_ObjectHideFlags: 0
  m_CorrespondingSourceObject: {fileID: 0}
  m_PrefabInstance: {fileID: 0}
  m_PrefabAsset: {fileID: 0}
  m_GameObject: {fileID: 1060988534212147716}
  m_Enabled: 1
  m_Avatar: {fileID: 0}
  m_Controller: {fileID: 9100000, guid: 9ec4a0e3f65ea1f4c83ca64646e141a3, type: 2}
  m_CullingMode: 0
  m_UpdateMode: 0
  m_ApplyRootMotion: 0
  m_LinearVelocityBlending: 0
  m_WarningMessage: 
  m_HasTransformHierarchy: 1
  m_AllowConstantClipSamplingOptimization: 1
  m_KeepAnimatorControllerStateOnDisable: 0
--- !u!1001 &1060988532891991857
PrefabInstance:
  m_ObjectHideFlags: 0
  serializedVersion: 2
  m_Modification:
    m_TransformParent: {fileID: 1060988534212147718}
    m_Modifications:
    - target: {fileID: -927199367670048503, guid: 8bdf300eca83d6347a3819ad25eafe49,
        type: 3}
      propertyPath: m_Name
      value: mulherbrancaraiva5
      objectReference: {fileID: 0}
    - target: {fileID: -927199367670048503, guid: 8bdf300eca83d6347a3819ad25eafe49,
        type: 3}
      propertyPath: m_IsActive
      value: 0
      objectReference: {fileID: 0}
    - target: {fileID: -3214139373050596088, guid: 8bdf300eca83d6347a3819ad25eafe49,
        type: 3}
      propertyPath: m_IsActive
      value: 0
      objectReference: {fileID: 0}
    - target: {fileID: -4216859302048453862, guid: 8bdf300eca83d6347a3819ad25eafe49,
        type: 3}
      propertyPath: m_LocalPosition.x
      value: -0
      objectReference: {fileID: 0}
    - target: {fileID: -4216859302048453862, guid: 8bdf300eca83d6347a3819ad25eafe49,
        type: 3}
      propertyPath: m_LocalPosition.y
      value: 0
      objectReference: {fileID: 0}
    - target: {fileID: -4216859302048453862, guid: 8bdf300eca83d6347a3819ad25eafe49,
        type: 3}
      propertyPath: m_LocalPosition.z
      value: 0
      objectReference: {fileID: 0}
    - target: {fileID: -4216859302048453862, guid: 8bdf300eca83d6347a3819ad25eafe49,
        type: 3}
      propertyPath: m_LocalRotation.x
      value: 0
      objectReference: {fileID: 0}
    - target: {fileID: -4216859302048453862, guid: 8bdf300eca83d6347a3819ad25eafe49,
        type: 3}
      propertyPath: m_LocalRotation.y
      value: -0
      objectReference: {fileID: 0}
    - target: {fileID: -4216859302048453862, guid: 8bdf300eca83d6347a3819ad25eafe49,
        type: 3}
      propertyPath: m_LocalRotation.z
      value: -0
      objectReference: {fileID: 0}
    - target: {fileID: -4216859302048453862, guid: 8bdf300eca83d6347a3819ad25eafe49,
        type: 3}
      propertyPath: m_LocalRotation.w
      value: 1
      objectReference: {fileID: 0}
    - target: {fileID: -4216859302048453862, guid: 8bdf300eca83d6347a3819ad25eafe49,
        type: 3}
      propertyPath: m_RootOrder
      value: 4
      objectReference: {fileID: 0}
    - target: {fileID: -4216859302048453862, guid: 8bdf300eca83d6347a3819ad25eafe49,
        type: 3}
      propertyPath: m_LocalEulerAnglesHint.x
      value: 0
      objectReference: {fileID: 0}
    - target: {fileID: -4216859302048453862, guid: 8bdf300eca83d6347a3819ad25eafe49,
        type: 3}
      propertyPath: m_LocalEulerAnglesHint.y
      value: 0
      objectReference: {fileID: 0}
    - target: {fileID: -4216859302048453862, guid: 8bdf300eca83d6347a3819ad25eafe49,
        type: 3}
      propertyPath: m_LocalEulerAnglesHint.z
      value: 0
      objectReference: {fileID: 0}
    m_RemovedComponents: []
  m_SourcePrefab: {fileID: 100100000, guid: 8bdf300eca83d6347a3819ad25eafe49, type: 3}
--- !u!4 &5459444382272033835 stripped
Transform:
  m_CorrespondingSourceObject: {fileID: -4216859302048453862, guid: 8bdf300eca83d6347a3819ad25eafe49,
    type: 3}
  m_PrefabInstance: {fileID: 1060988532891991857}
  m_PrefabAsset: {fileID: 0}
--- !u!1001 &1060988532915826103
PrefabInstance:
  m_ObjectHideFlags: 0
  serializedVersion: 2
  m_Modification:
    m_TransformParent: {fileID: 1060988534212147718}
    m_Modifications:
    - target: {fileID: -927199367670048503, guid: 8763a0fc63594af42a7d549c2ee2069b,
        type: 3}
      propertyPath: m_Name
      value: mulherbrancaraiva4
      objectReference: {fileID: 0}
    - target: {fileID: -927199367670048503, guid: 8763a0fc63594af42a7d549c2ee2069b,
        type: 3}
      propertyPath: m_IsActive
      value: 0
      objectReference: {fileID: 0}
    - target: {fileID: -3214139373050596088, guid: 8763a0fc63594af42a7d549c2ee2069b,
        type: 3}
      propertyPath: m_IsActive
      value: 0
      objectReference: {fileID: 0}
    - target: {fileID: -4216859302048453862, guid: 8763a0fc63594af42a7d549c2ee2069b,
        type: 3}
      propertyPath: m_LocalPosition.x
      value: -0
      objectReference: {fileID: 0}
    - target: {fileID: -4216859302048453862, guid: 8763a0fc63594af42a7d549c2ee2069b,
        type: 3}
      propertyPath: m_LocalPosition.y
      value: 0
      objectReference: {fileID: 0}
    - target: {fileID: -4216859302048453862, guid: 8763a0fc63594af42a7d549c2ee2069b,
        type: 3}
      propertyPath: m_LocalPosition.z
      value: 0
      objectReference: {fileID: 0}
    - target: {fileID: -4216859302048453862, guid: 8763a0fc63594af42a7d549c2ee2069b,
        type: 3}
      propertyPath: m_LocalRotation.x
      value: 0
      objectReference: {fileID: 0}
    - target: {fileID: -4216859302048453862, guid: 8763a0fc63594af42a7d549c2ee2069b,
        type: 3}
      propertyPath: m_LocalRotation.y
      value: -0
      objectReference: {fileID: 0}
    - target: {fileID: -4216859302048453862, guid: 8763a0fc63594af42a7d549c2ee2069b,
        type: 3}
      propertyPath: m_LocalRotation.z
      value: -0
      objectReference: {fileID: 0}
    - target: {fileID: -4216859302048453862, guid: 8763a0fc63594af42a7d549c2ee2069b,
        type: 3}
      propertyPath: m_LocalRotation.w
      value: 1
      objectReference: {fileID: 0}
    - target: {fileID: -4216859302048453862, guid: 8763a0fc63594af42a7d549c2ee2069b,
        type: 3}
      propertyPath: m_RootOrder
      value: 3
      objectReference: {fileID: 0}
    - target: {fileID: -4216859302048453862, guid: 8763a0fc63594af42a7d549c2ee2069b,
        type: 3}
      propertyPath: m_LocalEulerAnglesHint.x
      value: 0
      objectReference: {fileID: 0}
    - target: {fileID: -4216859302048453862, guid: 8763a0fc63594af42a7d549c2ee2069b,
        type: 3}
      propertyPath: m_LocalEulerAnglesHint.y
      value: 0
      objectReference: {fileID: 0}
    - target: {fileID: -4216859302048453862, guid: 8763a0fc63594af42a7d549c2ee2069b,
        type: 3}
      propertyPath: m_LocalEulerAnglesHint.z
      value: 0
      objectReference: {fileID: 0}
    m_RemovedComponents: []
  m_SourcePrefab: {fileID: 100100000, guid: 8763a0fc63594af42a7d549c2ee2069b, type: 3}
--- !u!4 &5459444382311401133 stripped
Transform:
  m_CorrespondingSourceObject: {fileID: -4216859302048453862, guid: 8763a0fc63594af42a7d549c2ee2069b,
    type: 3}
  m_PrefabInstance: {fileID: 1060988532915826103}
  m_PrefabAsset: {fileID: 0}
--- !u!1001 &1060988533099562888
PrefabInstance:
  m_ObjectHideFlags: 0
  serializedVersion: 2
  m_Modification:
    m_TransformParent: {fileID: 1060988534212147718}
    m_Modifications:
    - target: {fileID: -927199367670048503, guid: beb5663429572254ca9e20d44a2d5492,
        type: 3}
      propertyPath: m_Name
      value: mulherbrancaraiva9
      objectReference: {fileID: 0}
    - target: {fileID: -927199367670048503, guid: beb5663429572254ca9e20d44a2d5492,
        type: 3}
      propertyPath: m_IsActive
      value: 0
      objectReference: {fileID: 0}
    - target: {fileID: -3214139373050596088, guid: beb5663429572254ca9e20d44a2d5492,
        type: 3}
      propertyPath: m_IsActive
      value: 0
      objectReference: {fileID: 0}
    - target: {fileID: -4216859302048453862, guid: beb5663429572254ca9e20d44a2d5492,
        type: 3}
      propertyPath: m_LocalPosition.x
      value: -0
      objectReference: {fileID: 0}
    - target: {fileID: -4216859302048453862, guid: beb5663429572254ca9e20d44a2d5492,
        type: 3}
      propertyPath: m_LocalPosition.y
      value: 0
      objectReference: {fileID: 0}
    - target: {fileID: -4216859302048453862, guid: beb5663429572254ca9e20d44a2d5492,
        type: 3}
      propertyPath: m_LocalPosition.z
      value: 0
      objectReference: {fileID: 0}
    - target: {fileID: -4216859302048453862, guid: beb5663429572254ca9e20d44a2d5492,
        type: 3}
      propertyPath: m_LocalRotation.x
      value: 0
      objectReference: {fileID: 0}
    - target: {fileID: -4216859302048453862, guid: beb5663429572254ca9e20d44a2d5492,
        type: 3}
      propertyPath: m_LocalRotation.y
      value: -0
      objectReference: {fileID: 0}
    - target: {fileID: -4216859302048453862, guid: beb5663429572254ca9e20d44a2d5492,
        type: 3}
      propertyPath: m_LocalRotation.z
      value: -0
      objectReference: {fileID: 0}
    - target: {fileID: -4216859302048453862, guid: beb5663429572254ca9e20d44a2d5492,
        type: 3}
      propertyPath: m_LocalRotation.w
      value: 1
      objectReference: {fileID: 0}
    - target: {fileID: -4216859302048453862, guid: beb5663429572254ca9e20d44a2d5492,
        type: 3}
      propertyPath: m_RootOrder
      value: 8
      objectReference: {fileID: 0}
    - target: {fileID: -4216859302048453862, guid: beb5663429572254ca9e20d44a2d5492,
        type: 3}
      propertyPath: m_LocalEulerAnglesHint.x
      value: 0
      objectReference: {fileID: 0}
    - target: {fileID: -4216859302048453862, guid: beb5663429572254ca9e20d44a2d5492,
        type: 3}
      propertyPath: m_LocalEulerAnglesHint.y
      value: 0
      objectReference: {fileID: 0}
    - target: {fileID: -4216859302048453862, guid: beb5663429572254ca9e20d44a2d5492,
        type: 3}
      propertyPath: m_LocalEulerAnglesHint.z
      value: 0
      objectReference: {fileID: 0}
    m_RemovedComponents: []
  m_SourcePrefab: {fileID: 100100000, guid: beb5663429572254ca9e20d44a2d5492, type: 3}
--- !u!4 &5459444382529760402 stripped
Transform:
  m_CorrespondingSourceObject: {fileID: -4216859302048453862, guid: beb5663429572254ca9e20d44a2d5492,
    type: 3}
  m_PrefabInstance: {fileID: 1060988533099562888}
  m_PrefabAsset: {fileID: 0}
--- !u!1001 &1060988533136023525
PrefabInstance:
  m_ObjectHideFlags: 0
  serializedVersion: 2
  m_Modification:
    m_TransformParent: {fileID: 1060988534212147718}
    m_Modifications:
    - target: {fileID: -927199367670048503, guid: 03eea4ecb6536a841904323fc06f1a3f,
        type: 3}
      propertyPath: m_Name
      value: mulherbrancaraiva2
      objectReference: {fileID: 0}
    - target: {fileID: -927199367670048503, guid: 03eea4ecb6536a841904323fc06f1a3f,
        type: 3}
      propertyPath: m_IsActive
      value: 0
      objectReference: {fileID: 0}
    - target: {fileID: -3214139373050596088, guid: 03eea4ecb6536a841904323fc06f1a3f,
        type: 3}
      propertyPath: m_IsActive
      value: 0
      objectReference: {fileID: 0}
    - target: {fileID: -4216859302048453862, guid: 03eea4ecb6536a841904323fc06f1a3f,
        type: 3}
      propertyPath: m_LocalPosition.x
      value: -0
      objectReference: {fileID: 0}
    - target: {fileID: -4216859302048453862, guid: 03eea4ecb6536a841904323fc06f1a3f,
        type: 3}
      propertyPath: m_LocalPosition.y
      value: 0
      objectReference: {fileID: 0}
    - target: {fileID: -4216859302048453862, guid: 03eea4ecb6536a841904323fc06f1a3f,
        type: 3}
      propertyPath: m_LocalPosition.z
      value: 0
      objectReference: {fileID: 0}
    - target: {fileID: -4216859302048453862, guid: 03eea4ecb6536a841904323fc06f1a3f,
        type: 3}
      propertyPath: m_LocalRotation.x
      value: 0
      objectReference: {fileID: 0}
    - target: {fileID: -4216859302048453862, guid: 03eea4ecb6536a841904323fc06f1a3f,
        type: 3}
      propertyPath: m_LocalRotation.y
      value: -0
      objectReference: {fileID: 0}
    - target: {fileID: -4216859302048453862, guid: 03eea4ecb6536a841904323fc06f1a3f,
        type: 3}
      propertyPath: m_LocalRotation.z
      value: -0
      objectReference: {fileID: 0}
    - target: {fileID: -4216859302048453862, guid: 03eea4ecb6536a841904323fc06f1a3f,
        type: 3}
      propertyPath: m_LocalRotation.w
      value: 1
      objectReference: {fileID: 0}
    - target: {fileID: -4216859302048453862, guid: 03eea4ecb6536a841904323fc06f1a3f,
        type: 3}
      propertyPath: m_RootOrder
      value: 1
      objectReference: {fileID: 0}
    - target: {fileID: -4216859302048453862, guid: 03eea4ecb6536a841904323fc06f1a3f,
        type: 3}
      propertyPath: m_LocalEulerAnglesHint.x
      value: 0
      objectReference: {fileID: 0}
    - target: {fileID: -4216859302048453862, guid: 03eea4ecb6536a841904323fc06f1a3f,
        type: 3}
      propertyPath: m_LocalEulerAnglesHint.y
      value: 0
      objectReference: {fileID: 0}
    - target: {fileID: -4216859302048453862, guid: 03eea4ecb6536a841904323fc06f1a3f,
        type: 3}
      propertyPath: m_LocalEulerAnglesHint.z
      value: 0
      objectReference: {fileID: 0}
    m_RemovedComponents: []
  m_SourcePrefab: {fileID: 100100000, guid: 03eea4ecb6536a841904323fc06f1a3f, type: 3}
--- !u!4 &5459444382565168383 stripped
Transform:
  m_CorrespondingSourceObject: {fileID: -4216859302048453862, guid: 03eea4ecb6536a841904323fc06f1a3f,
    type: 3}
  m_PrefabInstance: {fileID: 1060988533136023525}
  m_PrefabAsset: {fileID: 0}
--- !u!1001 &1060988533235325282
PrefabInstance:
  m_ObjectHideFlags: 0
  serializedVersion: 2
  m_Modification:
    m_TransformParent: {fileID: 1060988534212147718}
    m_Modifications:
    - target: {fileID: -927199367670048503, guid: 2d800fce5d74e6443959bf214d4b7ae6,
        type: 3}
      propertyPath: m_Name
      value: mulherbrancaraiva10
      objectReference: {fileID: 0}
    - target: {fileID: -927199367670048503, guid: 2d800fce5d74e6443959bf214d4b7ae6,
        type: 3}
      propertyPath: m_IsActive
      value: 0
      objectReference: {fileID: 0}
    - target: {fileID: -3214139373050596088, guid: 2d800fce5d74e6443959bf214d4b7ae6,
        type: 3}
      propertyPath: m_IsActive
      value: 0
      objectReference: {fileID: 0}
    - target: {fileID: -4216859302048453862, guid: 2d800fce5d74e6443959bf214d4b7ae6,
        type: 3}
      propertyPath: m_LocalPosition.x
      value: -0
      objectReference: {fileID: 0}
    - target: {fileID: -4216859302048453862, guid: 2d800fce5d74e6443959bf214d4b7ae6,
        type: 3}
      propertyPath: m_LocalPosition.y
      value: 0
      objectReference: {fileID: 0}
    - target: {fileID: -4216859302048453862, guid: 2d800fce5d74e6443959bf214d4b7ae6,
        type: 3}
      propertyPath: m_LocalPosition.z
      value: 0
      objectReference: {fileID: 0}
    - target: {fileID: -4216859302048453862, guid: 2d800fce5d74e6443959bf214d4b7ae6,
        type: 3}
      propertyPath: m_LocalRotation.x
      value: 0
      objectReference: {fileID: 0}
    - target: {fileID: -4216859302048453862, guid: 2d800fce5d74e6443959bf214d4b7ae6,
        type: 3}
      propertyPath: m_LocalRotation.y
      value: -0
      objectReference: {fileID: 0}
    - target: {fileID: -4216859302048453862, guid: 2d800fce5d74e6443959bf214d4b7ae6,
        type: 3}
      propertyPath: m_LocalRotation.z
      value: -0
      objectReference: {fileID: 0}
    - target: {fileID: -4216859302048453862, guid: 2d800fce5d74e6443959bf214d4b7ae6,
        type: 3}
      propertyPath: m_LocalRotation.w
      value: 1
      objectReference: {fileID: 0}
    - target: {fileID: -4216859302048453862, guid: 2d800fce5d74e6443959bf214d4b7ae6,
        type: 3}
      propertyPath: m_RootOrder
      value: 9
      objectReference: {fileID: 0}
    - target: {fileID: -4216859302048453862, guid: 2d800fce5d74e6443959bf214d4b7ae6,
        type: 3}
      propertyPath: m_LocalEulerAnglesHint.x
      value: 0
      objectReference: {fileID: 0}
    - target: {fileID: -4216859302048453862, guid: 2d800fce5d74e6443959bf214d4b7ae6,
        type: 3}
      propertyPath: m_LocalEulerAnglesHint.y
      value: 0
      objectReference: {fileID: 0}
    - target: {fileID: -4216859302048453862, guid: 2d800fce5d74e6443959bf214d4b7ae6,
        type: 3}
      propertyPath: m_LocalEulerAnglesHint.z
      value: 0
      objectReference: {fileID: 0}
    m_RemovedComponents: []
  m_SourcePrefab: {fileID: 100100000, guid: 2d800fce5d74e6443959bf214d4b7ae6, type: 3}
--- !u!4 &5459444382666633848 stripped
Transform:
  m_CorrespondingSourceObject: {fileID: -4216859302048453862, guid: 2d800fce5d74e6443959bf214d4b7ae6,
    type: 3}
  m_PrefabInstance: {fileID: 1060988533235325282}
  m_PrefabAsset: {fileID: 0}
--- !u!1001 &1060988533826522760
PrefabInstance:
  m_ObjectHideFlags: 0
  serializedVersion: 2
  m_Modification:
    m_TransformParent: {fileID: 1060988534212147718}
    m_Modifications:
    - target: {fileID: -927199367670048503, guid: 5a74ceefb7b7a67459695fe268a5732e,
        type: 3}
      propertyPath: m_Name
      value: mulherbrancaraiva6
      objectReference: {fileID: 0}
    - target: {fileID: -927199367670048503, guid: 5a74ceefb7b7a67459695fe268a5732e,
        type: 3}
      propertyPath: m_IsActive
      value: 0
      objectReference: {fileID: 0}
    - target: {fileID: -3214139373050596088, guid: 5a74ceefb7b7a67459695fe268a5732e,
        type: 3}
      propertyPath: m_IsActive
      value: 0
      objectReference: {fileID: 0}
    - target: {fileID: -4216859302048453862, guid: 5a74ceefb7b7a67459695fe268a5732e,
        type: 3}
      propertyPath: m_LocalPosition.x
      value: -0
      objectReference: {fileID: 0}
    - target: {fileID: -4216859302048453862, guid: 5a74ceefb7b7a67459695fe268a5732e,
        type: 3}
      propertyPath: m_LocalPosition.y
      value: 0
      objectReference: {fileID: 0}
    - target: {fileID: -4216859302048453862, guid: 5a74ceefb7b7a67459695fe268a5732e,
        type: 3}
      propertyPath: m_LocalPosition.z
      value: 0
      objectReference: {fileID: 0}
    - target: {fileID: -4216859302048453862, guid: 5a74ceefb7b7a67459695fe268a5732e,
        type: 3}
      propertyPath: m_LocalRotation.x
      value: 0
      objectReference: {fileID: 0}
    - target: {fileID: -4216859302048453862, guid: 5a74ceefb7b7a67459695fe268a5732e,
        type: 3}
      propertyPath: m_LocalRotation.y
      value: -0
      objectReference: {fileID: 0}
    - target: {fileID: -4216859302048453862, guid: 5a74ceefb7b7a67459695fe268a5732e,
        type: 3}
      propertyPath: m_LocalRotation.z
      value: -0
      objectReference: {fileID: 0}
    - target: {fileID: -4216859302048453862, guid: 5a74ceefb7b7a67459695fe268a5732e,
        type: 3}
      propertyPath: m_LocalRotation.w
      value: 1
      objectReference: {fileID: 0}
    - target: {fileID: -4216859302048453862, guid: 5a74ceefb7b7a67459695fe268a5732e,
        type: 3}
      propertyPath: m_RootOrder
      value: 5
      objectReference: {fileID: 0}
    - target: {fileID: -4216859302048453862, guid: 5a74ceefb7b7a67459695fe268a5732e,
        type: 3}
      propertyPath: m_LocalEulerAnglesHint.x
      value: 0
      objectReference: {fileID: 0}
    - target: {fileID: -4216859302048453862, guid: 5a74ceefb7b7a67459695fe268a5732e,
        type: 3}
      propertyPath: m_LocalEulerAnglesHint.y
      value: 0
      objectReference: {fileID: 0}
    - target: {fileID: -4216859302048453862, guid: 5a74ceefb7b7a67459695fe268a5732e,
        type: 3}
      propertyPath: m_LocalEulerAnglesHint.z
      value: 0
      objectReference: {fileID: 0}
    m_RemovedComponents: []
  m_SourcePrefab: {fileID: 100100000, guid: 5a74ceefb7b7a67459695fe268a5732e, type: 3}
--- !u!4 &5459444383221261714 stripped
Transform:
  m_CorrespondingSourceObject: {fileID: -4216859302048453862, guid: 5a74ceefb7b7a67459695fe268a5732e,
    type: 3}
  m_PrefabInstance: {fileID: 1060988533826522760}
  m_PrefabAsset: {fileID: 0}
--- !u!1001 &1060988533936819203
PrefabInstance:
  m_ObjectHideFlags: 0
  serializedVersion: 2
  m_Modification:
    m_TransformParent: {fileID: 1060988534212147718}
    m_Modifications:
    - target: {fileID: -927199367670048503, guid: 9c5ee93116c5bcb409ad3213247f1c54,
        type: 3}
      propertyPath: m_Name
      value: mulherbrancaraiva1
      objectReference: {fileID: 0}
    - target: {fileID: -3214139373050596088, guid: 9c5ee93116c5bcb409ad3213247f1c54,
        type: 3}
      propertyPath: m_IsActive
      value: 0
      objectReference: {fileID: 0}
    - target: {fileID: -4216859302048453862, guid: 9c5ee93116c5bcb409ad3213247f1c54,
        type: 3}
      propertyPath: m_LocalPosition.x
      value: -0
      objectReference: {fileID: 0}
    - target: {fileID: -4216859302048453862, guid: 9c5ee93116c5bcb409ad3213247f1c54,
        type: 3}
      propertyPath: m_LocalPosition.y
      value: 0
      objectReference: {fileID: 0}
    - target: {fileID: -4216859302048453862, guid: 9c5ee93116c5bcb409ad3213247f1c54,
        type: 3}
      propertyPath: m_LocalPosition.z
      value: 0
      objectReference: {fileID: 0}
    - target: {fileID: -4216859302048453862, guid: 9c5ee93116c5bcb409ad3213247f1c54,
        type: 3}
      propertyPath: m_LocalRotation.x
      value: 0
      objectReference: {fileID: 0}
    - target: {fileID: -4216859302048453862, guid: 9c5ee93116c5bcb409ad3213247f1c54,
        type: 3}
      propertyPath: m_LocalRotation.y
      value: -0
      objectReference: {fileID: 0}
    - target: {fileID: -4216859302048453862, guid: 9c5ee93116c5bcb409ad3213247f1c54,
        type: 3}
      propertyPath: m_LocalRotation.z
      value: -0
      objectReference: {fileID: 0}
    - target: {fileID: -4216859302048453862, guid: 9c5ee93116c5bcb409ad3213247f1c54,
        type: 3}
      propertyPath: m_LocalRotation.w
      value: 1
      objectReference: {fileID: 0}
    - target: {fileID: -4216859302048453862, guid: 9c5ee93116c5bcb409ad3213247f1c54,
        type: 3}
      propertyPath: m_RootOrder
      value: 0
      objectReference: {fileID: 0}
    - target: {fileID: -4216859302048453862, guid: 9c5ee93116c5bcb409ad3213247f1c54,
        type: 3}
      propertyPath: m_LocalEulerAnglesHint.x
      value: 0
      objectReference: {fileID: 0}
    - target: {fileID: -4216859302048453862, guid: 9c5ee93116c5bcb409ad3213247f1c54,
        type: 3}
      propertyPath: m_LocalEulerAnglesHint.y
      value: 0
      objectReference: {fileID: 0}
    - target: {fileID: -4216859302048453862, guid: 9c5ee93116c5bcb409ad3213247f1c54,
        type: 3}
      propertyPath: m_LocalEulerAnglesHint.z
      value: 0
      objectReference: {fileID: 0}
    m_RemovedComponents: []
  m_SourcePrefab: {fileID: 100100000, guid: 9c5ee93116c5bcb409ad3213247f1c54, type: 3}
--- !u!4 &5459444383366031129 stripped
Transform:
  m_CorrespondingSourceObject: {fileID: -4216859302048453862, guid: 9c5ee93116c5bcb409ad3213247f1c54,
    type: 3}
  m_PrefabInstance: {fileID: 1060988533936819203}
  m_PrefabAsset: {fileID: 0}
--- !u!1001 &1060988534197941726
PrefabInstance:
  m_ObjectHideFlags: 0
  serializedVersion: 2
  m_Modification:
    m_TransformParent: {fileID: 1060988534212147718}
    m_Modifications:
    - target: {fileID: -927199367670048503, guid: 9ddbfdba1de84494ca4804194ee05335,
        type: 3}
      propertyPath: m_Name
      value: mulherbrancaraiva7
      objectReference: {fileID: 0}
    - target: {fileID: -927199367670048503, guid: 9ddbfdba1de84494ca4804194ee05335,
        type: 3}
      propertyPath: m_IsActive
      value: 0
      objectReference: {fileID: 0}
    - target: {fileID: -3214139373050596088, guid: 9ddbfdba1de84494ca4804194ee05335,
        type: 3}
      propertyPath: m_IsActive
      value: 0
      objectReference: {fileID: 0}
    - target: {fileID: -4216859302048453862, guid: 9ddbfdba1de84494ca4804194ee05335,
        type: 3}
      propertyPath: m_LocalPosition.x
      value: -0
      objectReference: {fileID: 0}
    - target: {fileID: -4216859302048453862, guid: 9ddbfdba1de84494ca4804194ee05335,
        type: 3}
      propertyPath: m_LocalPosition.y
      value: 0
      objectReference: {fileID: 0}
    - target: {fileID: -4216859302048453862, guid: 9ddbfdba1de84494ca4804194ee05335,
        type: 3}
      propertyPath: m_LocalPosition.z
      value: 0
      objectReference: {fileID: 0}
    - target: {fileID: -4216859302048453862, guid: 9ddbfdba1de84494ca4804194ee05335,
        type: 3}
      propertyPath: m_LocalRotation.x
      value: 0
      objectReference: {fileID: 0}
    - target: {fileID: -4216859302048453862, guid: 9ddbfdba1de84494ca4804194ee05335,
        type: 3}
      propertyPath: m_LocalRotation.y
      value: -0
      objectReference: {fileID: 0}
    - target: {fileID: -4216859302048453862, guid: 9ddbfdba1de84494ca4804194ee05335,
        type: 3}
      propertyPath: m_LocalRotation.z
      value: -0
      objectReference: {fileID: 0}
    - target: {fileID: -4216859302048453862, guid: 9ddbfdba1de84494ca4804194ee05335,
        type: 3}
      propertyPath: m_LocalRotation.w
      value: 1
      objectReference: {fileID: 0}
    - target: {fileID: -4216859302048453862, guid: 9ddbfdba1de84494ca4804194ee05335,
        type: 3}
      propertyPath: m_RootOrder
      value: 6
      objectReference: {fileID: 0}
    - target: {fileID: -4216859302048453862, guid: 9ddbfdba1de84494ca4804194ee05335,
        type: 3}
      propertyPath: m_LocalEulerAnglesHint.x
      value: 0
      objectReference: {fileID: 0}
    - target: {fileID: -4216859302048453862, guid: 9ddbfdba1de84494ca4804194ee05335,
        type: 3}
      propertyPath: m_LocalEulerAnglesHint.y
      value: 0
      objectReference: {fileID: 0}
    - target: {fileID: -4216859302048453862, guid: 9ddbfdba1de84494ca4804194ee05335,
        type: 3}
      propertyPath: m_LocalEulerAnglesHint.z
      value: 0
      objectReference: {fileID: 0}
    m_RemovedComponents: []
  m_SourcePrefab: {fileID: 100100000, guid: 9ddbfdba1de84494ca4804194ee05335, type: 3}
--- !u!4 &5459444383578906308 stripped
Transform:
  m_CorrespondingSourceObject: {fileID: -4216859302048453862, guid: 9ddbfdba1de84494ca4804194ee05335,
    type: 3}
  m_PrefabInstance: {fileID: 1060988534197941726}
  m_PrefabAsset: {fileID: 0}
--- !u!1001 &1060988534336900893
PrefabInstance:
  m_ObjectHideFlags: 0
  serializedVersion: 2
  m_Modification:
    m_TransformParent: {fileID: 1060988534212147718}
    m_Modifications:
    - target: {fileID: -927199367670048503, guid: 70812b72f740a05488bad16c6a237e26,
        type: 3}
      propertyPath: m_Name
      value: mulherbrancaraiva3
      objectReference: {fileID: 0}
    - target: {fileID: -927199367670048503, guid: 70812b72f740a05488bad16c6a237e26,
        type: 3}
      propertyPath: m_IsActive
      value: 0
      objectReference: {fileID: 0}
    - target: {fileID: -3214139373050596088, guid: 70812b72f740a05488bad16c6a237e26,
        type: 3}
      propertyPath: m_IsActive
      value: 0
      objectReference: {fileID: 0}
    - target: {fileID: -4216859302048453862, guid: 70812b72f740a05488bad16c6a237e26,
        type: 3}
      propertyPath: m_LocalPosition.x
      value: -0
      objectReference: {fileID: 0}
    - target: {fileID: -4216859302048453862, guid: 70812b72f740a05488bad16c6a237e26,
        type: 3}
      propertyPath: m_LocalPosition.y
      value: 0
      objectReference: {fileID: 0}
    - target: {fileID: -4216859302048453862, guid: 70812b72f740a05488bad16c6a237e26,
        type: 3}
      propertyPath: m_LocalPosition.z
      value: 0
      objectReference: {fileID: 0}
    - target: {fileID: -4216859302048453862, guid: 70812b72f740a05488bad16c6a237e26,
        type: 3}
      propertyPath: m_LocalRotation.x
      value: 0
      objectReference: {fileID: 0}
    - target: {fileID: -4216859302048453862, guid: 70812b72f740a05488bad16c6a237e26,
        type: 3}
      propertyPath: m_LocalRotation.y
      value: -0
      objectReference: {fileID: 0}
    - target: {fileID: -4216859302048453862, guid: 70812b72f740a05488bad16c6a237e26,
        type: 3}
      propertyPath: m_LocalRotation.z
      value: -0
      objectReference: {fileID: 0}
    - target: {fileID: -4216859302048453862, guid: 70812b72f740a05488bad16c6a237e26,
        type: 3}
      propertyPath: m_LocalRotation.w
      value: 1
      objectReference: {fileID: 0}
    - target: {fileID: -4216859302048453862, guid: 70812b72f740a05488bad16c6a237e26,
        type: 3}
      propertyPath: m_RootOrder
      value: 2
      objectReference: {fileID: 0}
    - target: {fileID: -4216859302048453862, guid: 70812b72f740a05488bad16c6a237e26,
        type: 3}
      propertyPath: m_LocalEulerAnglesHint.x
      value: 0
      objectReference: {fileID: 0}
    - target: {fileID: -4216859302048453862, guid: 70812b72f740a05488bad16c6a237e26,
        type: 3}
      propertyPath: m_LocalEulerAnglesHint.y
      value: 0
      objectReference: {fileID: 0}
    - target: {fileID: -4216859302048453862, guid: 70812b72f740a05488bad16c6a237e26,
        type: 3}
      propertyPath: m_LocalEulerAnglesHint.z
      value: 0
      objectReference: {fileID: 0}
    m_RemovedComponents: []
  m_SourcePrefab: {fileID: 100100000, guid: 70812b72f740a05488bad16c6a237e26, type: 3}
--- !u!4 &5459444383716762631 stripped
Transform:
  m_CorrespondingSourceObject: {fileID: -4216859302048453862, guid: 70812b72f740a05488bad16c6a237e26,
    type: 3}
  m_PrefabInstance: {fileID: 1060988534336900893}
  m_PrefabAsset: {fileID: 0}
--- !u!1001 &1060988534824633362
PrefabInstance:
  m_ObjectHideFlags: 0
  serializedVersion: 2
  m_Modification:
    m_TransformParent: {fileID: 1060988534212147718}
    m_Modifications:
    - target: {fileID: -927199367670048503, guid: 1c19b637747eb1440a20dd9e539c4145,
        type: 3}
      propertyPath: m_Name
      value: mulherbrancaraiva8
      objectReference: {fileID: 0}
    - target: {fileID: -927199367670048503, guid: 1c19b637747eb1440a20dd9e539c4145,
        type: 3}
      propertyPath: m_IsActive
      value: 0
      objectReference: {fileID: 0}
    - target: {fileID: -3214139373050596088, guid: 1c19b637747eb1440a20dd9e539c4145,
        type: 3}
      propertyPath: m_IsActive
      value: 0
      objectReference: {fileID: 0}
    - target: {fileID: -4216859302048453862, guid: 1c19b637747eb1440a20dd9e539c4145,
        type: 3}
      propertyPath: m_LocalPosition.x
      value: -0
      objectReference: {fileID: 0}
    - target: {fileID: -4216859302048453862, guid: 1c19b637747eb1440a20dd9e539c4145,
        type: 3}
      propertyPath: m_LocalPosition.y
      value: 0
      objectReference: {fileID: 0}
    - target: {fileID: -4216859302048453862, guid: 1c19b637747eb1440a20dd9e539c4145,
        type: 3}
      propertyPath: m_LocalPosition.z
      value: 0
      objectReference: {fileID: 0}
    - target: {fileID: -4216859302048453862, guid: 1c19b637747eb1440a20dd9e539c4145,
        type: 3}
      propertyPath: m_LocalRotation.x
      value: 0
      objectReference: {fileID: 0}
    - target: {fileID: -4216859302048453862, guid: 1c19b637747eb1440a20dd9e539c4145,
        type: 3}
      propertyPath: m_LocalRotation.y
      value: -0
      objectReference: {fileID: 0}
    - target: {fileID: -4216859302048453862, guid: 1c19b637747eb1440a20dd9e539c4145,
        type: 3}
      propertyPath: m_LocalRotation.z
      value: -0
      objectReference: {fileID: 0}
    - target: {fileID: -4216859302048453862, guid: 1c19b637747eb1440a20dd9e539c4145,
        type: 3}
      propertyPath: m_LocalRotation.w
      value: 1
      objectReference: {fileID: 0}
    - target: {fileID: -4216859302048453862, guid: 1c19b637747eb1440a20dd9e539c4145,
        type: 3}
      propertyPath: m_RootOrder
      value: 7
      objectReference: {fileID: 0}
    - target: {fileID: -4216859302048453862, guid: 1c19b637747eb1440a20dd9e539c4145,
        type: 3}
      propertyPath: m_LocalEulerAnglesHint.x
      value: 0
      objectReference: {fileID: 0}
    - target: {fileID: -4216859302048453862, guid: 1c19b637747eb1440a20dd9e539c4145,
        type: 3}
      propertyPath: m_LocalEulerAnglesHint.y
      value: 0
      objectReference: {fileID: 0}
    - target: {fileID: -4216859302048453862, guid: 1c19b637747eb1440a20dd9e539c4145,
        type: 3}
      propertyPath: m_LocalEulerAnglesHint.z
      value: 0
      objectReference: {fileID: 0}
    m_RemovedComponents: []
  m_SourcePrefab: {fileID: 100100000, guid: 1c19b637747eb1440a20dd9e539c4145, type: 3}
--- !u!4 &5459444384236154632 stripped
Transform:
  m_CorrespondingSourceObject: {fileID: -4216859302048453862, guid: 1c19b637747eb1440a20dd9e539c4145,
    type: 3}
  m_PrefabInstance: {fileID: 1060988534824633362}
  m_PrefabAsset: {fileID: 0}
--- !u!1001 &1060988534857129765
PrefabInstance:
  m_ObjectHideFlags: 0
  serializedVersion: 2
  m_Modification:
    m_TransformParent: {fileID: 1060988534212147718}
    m_Modifications:
    - target: {fileID: -927199367670048503, guid: 75cb86fba5136544bb3bd06d6bd8d677,
        type: 3}
      propertyPath: m_Name
      value: mulherbrancaraiva11
      objectReference: {fileID: 0}
    - target: {fileID: -927199367670048503, guid: 75cb86fba5136544bb3bd06d6bd8d677,
        type: 3}
      propertyPath: m_IsActive
      value: 0
      objectReference: {fileID: 0}
    - target: {fileID: -3214139373050596088, guid: 75cb86fba5136544bb3bd06d6bd8d677,
        type: 3}
      propertyPath: m_IsActive
      value: 0
      objectReference: {fileID: 0}
    - target: {fileID: -4216859302048453862, guid: 75cb86fba5136544bb3bd06d6bd8d677,
        type: 3}
      propertyPath: m_LocalPosition.x
      value: -0
      objectReference: {fileID: 0}
    - target: {fileID: -4216859302048453862, guid: 75cb86fba5136544bb3bd06d6bd8d677,
        type: 3}
      propertyPath: m_LocalPosition.y
      value: 0
      objectReference: {fileID: 0}
    - target: {fileID: -4216859302048453862, guid: 75cb86fba5136544bb3bd06d6bd8d677,
        type: 3}
      propertyPath: m_LocalPosition.z
      value: 0
      objectReference: {fileID: 0}
    - target: {fileID: -4216859302048453862, guid: 75cb86fba5136544bb3bd06d6bd8d677,
        type: 3}
      propertyPath: m_LocalRotation.x
      value: 0
      objectReference: {fileID: 0}
    - target: {fileID: -4216859302048453862, guid: 75cb86fba5136544bb3bd06d6bd8d677,
        type: 3}
      propertyPath: m_LocalRotation.y
      value: -0
      objectReference: {fileID: 0}
    - target: {fileID: -4216859302048453862, guid: 75cb86fba5136544bb3bd06d6bd8d677,
        type: 3}
      propertyPath: m_LocalRotation.z
      value: -0
      objectReference: {fileID: 0}
    - target: {fileID: -4216859302048453862, guid: 75cb86fba5136544bb3bd06d6bd8d677,
        type: 3}
      propertyPath: m_LocalRotation.w
      value: 1
      objectReference: {fileID: 0}
    - target: {fileID: -4216859302048453862, guid: 75cb86fba5136544bb3bd06d6bd8d677,
        type: 3}
      propertyPath: m_RootOrder
      value: 10
      objectReference: {fileID: 0}
    - target: {fileID: -4216859302048453862, guid: 75cb86fba5136544bb3bd06d6bd8d677,
        type: 3}
      propertyPath: m_LocalEulerAnglesHint.x
      value: 0
      objectReference: {fileID: 0}
    - target: {fileID: -4216859302048453862, guid: 75cb86fba5136544bb3bd06d6bd8d677,
        type: 3}
      propertyPath: m_LocalEulerAnglesHint.y
      value: 0
      objectReference: {fileID: 0}
    - target: {fileID: -4216859302048453862, guid: 75cb86fba5136544bb3bd06d6bd8d677,
        type: 3}
      propertyPath: m_LocalEulerAnglesHint.z
      value: 0
      objectReference: {fileID: 0}
    m_RemovedComponents: []
  m_SourcePrefab: {fileID: 100100000, guid: 75cb86fba5136544bb3bd06d6bd8d677, type: 3}
--- !u!4 &5459444384270545983 stripped
Transform:
  m_CorrespondingSourceObject: {fileID: -4216859302048453862, guid: 75cb86fba5136544bb3bd06d6bd8d677,
    type: 3}
  m_PrefabInstance: {fileID: 1060988534857129765}
  m_PrefabAsset: {fileID: 0}
